  @misc{ Alexander,
    author = "{et al.}",
    title = "Alexander polynomial --- {Wikipedia}{,} The Free Encyclopedia",
    year = "2024",
    url = "https://en.wikipedia.org/w/index.php?title=Alexander_polynomial&oldid=1226204779",
    note = "[Online; accessed 1-April-2025]"
  }
  @misc{ Jones,
    author = "{et al.}",
    title = "Jones polynomial --- {Wikipedia}{,} The Free Encyclopedia",
    year = "2025",
    url = "https://en.wikipedia.org/w/index.php?title=Jones_polynomial&oldid=1267395561",
    note = "[Online; accessed 1-April-2025]"
  }
    @misc{ Reidemeister,
    author = "{et al.}",
    title = "Reidemeister move --- {Wikipedia}{,} The Free Encyclopedia",
    year = "2024",
    url = "https://en.wikipedia.org/w/index.php?title=Reidemeister_move&oldid=1258768156",
    note = "[Online; accessed 1-April-2025]"
  }
@online{Knotsdailylife,
  author       = {LiveOak},
  title        = {Top Ten Knots for Kids},
  year         = {2024},
  url          = {https://www.campliveoakfl.com/top-ten-knots-for-kids/},
  note         = {Accessed: 2025-04-01}
}
@online{Chineseknot,
  author       = {et al.},
  title        = {Chinese Knotting},
  year         = {2014},
  url          = {https://xiaotigerking.blogspot.com/2014/03/chinese-knotting.html},
  note         = {Accessed: 2025-04-01}
}
@online{audi,
  author       = {Michael Gauthier},
  title        = {Audi Debuts New Black And White Logo With A Two-Dimensional Appearance},
  year         = {2022},
  url          = {https://www.carscoops.com/2022/11/audi-introduces-new-black-and-white-logo-with-a-two-dimensional-appearance/},
  note         = {Accessed: 2025-04-01}
}
 @misc{ christiantrequetra,
   author = "Wikimedia Commons",
   title = "File:BorromeanRings-Trinity.png --- Wikimedia Commons{,} the free media repository",
   year = "2024",
   url = "https://commons.wikimedia.org/w/index.php?title=File:BorromeanRings-Trinity.png&oldid=867989638",
   note = "[Online; accessed 1-April-2025]"
 }
  @misc{ simpleknots,
    author = "{Wikipedia contributors}",
    title = "Knot (mathematics) --- {Wikipedia}{,} The Free Encyclopedia",
    year = "2024",
    url = "https://en.wikipedia.org/w/index.php?title=Knot_(mathematics)&oldid=1195004148",
    note = "[Online; accessed 1-April-2025]"
  }
@article{DNA,
author = {Harteis, Sabrina and Schneider, Sabine},
year = {2014},
month = {07},
pages = {12335-12363},
title = {Making the Bend: DNA Tertiary Structure and Protein-DNA Interactions},
volume = {15},
journal = {International journal of molecular sciences},
doi = {10.3390/ijms150712335}
}
@online{compound,
  author       = {Veritasium},
  title        = {The Insane Math Of Knot Theory},
  year         = {2024},
  url          = {https://www.youtube.com/watch?v=8DBhTXM_Br4&t=1254s},
  note         = {Accessed: 2025-04-01}
}
@online{farbric,
  author       = {Futurology},
  title        = {Knots Smaller Than Human Hair Make Materials Unusually Tough},
  year         = {2023},
  url          = {https://www.reddit.com/r/Futurology/comments/11qdial/knots_smaller_than_human_hair_make_materials/},
  note         = {Accessed: 2025-04-01}
}
  @misc{ trefoil,
    author = "{Wikipedia contributors}",
    title = "Trefoil knot --- {Wikipedia}{,} The Free Encyclopedia",
    year = "2025",
    url = "https://en.wikipedia.org/w/index.php?title=Trefoil_knot&oldid=1271401017",
    note = "[Online; accessed 3-April-2025]"
  }
 @misc{ knotsunfolding,
   author = "Wikimedia Commons",
   title = "File:Knot Unfolding.gif --- Wikimedia Commons{,} the free media repository",
   year = "2024",
   url = "https://commons.wikimedia.org/w/index.php?title=File:Knot_Unfolding.gif&oldid=867982553",
   note = "[Online; accessed 3-April-2025]"
 }
@online{Equivalence,
  author       = {Giovanni De Santi},
  title        = {An Introduction to the Theory of Knots},
  year         = {2002},
  url          = {https://graphics.stanford.edu/courses/cs468-02-fall/projects/desanti.pdf},
  note         = {Accessed: 2025-04-01}
}
  @misc{ reidemeister,
    author = "{Wikipedia contributors}",
    title = "Reidemeister move --- {Wikipedia}{,} The Free Encyclopedia",
    year = "2024",
    url = "https://en.wikipedia.org/w/index.php?title=Reidemeister_move&oldid=1258768156",
    note = "[Online; accessed 3-April-2025]"
  }
 @misc{ L+,
    author = "{Wikipedia contributors}",
    title = "Alexander polynomial --- {Wikipedia}{,} The Free Encyclopedia",
    year = "2024",
    url = "https://en.wikipedia.org/w/index.php?title=Alexander_polynomial&oldid=1226204779",
    note = "[Online; accessed 3-April-2025]"
  }
 @misc{ fractalcover,
   author = "Wikipedia",
   title = "Selbstähnlichkeit --- Wikipedia{,} Die freyi alemannischi Enzyklopädi",
   year = "2023",
   url = "//als.wikipedia.org/w/index.php?title=Selbst%C3%A4hnlichkeit&oldid=1041786",
   note = "[Online; accessed 3-April-2025]"
 }
@online{COastline,
  author       = {Bjorn Birnir},
  title        = {Erosion},
  year         = {2004},
  url          = {https://cnls.math.ucsb.edu/research/erosion},
  note         = {Accessed: 2025-04-01}
}
@online{Lung,
  author       = {el al.},
  title        = {Fractal in Science},
  year         = {2010},
  url          = {https://csdt.org/culture/africanfractals/science.html},
  note         = {Accessed: 2025-04-01}
}
