@misc{broden2024knotsinsidefractals,
      title={Knots Inside Fractals}, 
      author={Joshua Broden and Malors Espinosa and Noah Nazareth and Niko Voth},
      year={2024},
      eprint={2409.03639},
      archivePrefix={arXiv},
      primaryClass={math.GT},
      url={https://arxiv.org/abs/2409.03639}, 
}
@article{article,
author = {Oberti, Chiara and Ricca, Renzo},
year = {2017},
month = {08},
pages = {},
title = {Induction effects of torus knots and unknots},
volume = {50},
journal = {Journal of Physics A: Mathematical and Theoretical},
doi = {10.1088/1751-8121/aa80b0}
}
@book{adams2004knot,
  title={The Knot Book: An Elementary Introduction to the Mathematical Theory of Knots},
  author={Adams, C.C.},
  isbn={9780821836781},
  lccn={2004054429},
  url={https://books.google.be/books?id=RqiMCgAAQBAJ},
  year={2004},
  publisher={American Mathematical Society}
}
@MISC {2660480,
    TITLE = {Alternating and Non-Altenating Knot projections with same crossing number?},
    AUTHOR = {Adam Lowrance (https://math.stackexchange.com/users/24947/adam-lowrance)},
    HOWPUBLISHED = {Mathematics Stack Exchange},
    NOTE = {Accessed on 21.03.2025},
    EPRINT = {https://math.stackexchange.com/q/2660480},
    URL = {https://math.stackexchange.com/q/2660480}
}
@MISC {555w,
    TITLE = {DNA},
    AUTHOR = {en.wikipedia.org},
    NOTE = {Accessed on 21.03.2025},
    URL = {https://commons.wikimedia.org/wiki/File:Dna-base-flipping.svg}
}
@article{article2,
author = {Komendarczyk, Rafal and Michaelides, A.},
year = {2016},
month = {04},
pages = {},
title = {Ropelength and finite type invariants},
doi = {10.48550/arXiv.1604.03870}
}
@misc{knotinfo,
	Author = {Livingston, Charles and Moore, Allison H.},
	NOTE = {Accessed on 21.03.2025},
	howpublished = {URL: \url{knotinfo.math.indiana.edu}},
	Month = {3},
	Title = {KnotInfo: Table of Knot Invariants},
	Year = {2025},
}
@misc{Quanta,
	author = "Gregory Barber",
	title = "Teen Mathematicians Tie Knots Through a Mind-Blowing Fractal",
	year = "2024",
	url = "https://www.quantamagazine.org/teen-mathematicians-tie-knots-through-a-mind-blowing-fractal-20241126/",
	note = "Accessed: 2025-03-26"
}
@misc{sierpinski2016,
	author = "Illustrative-Mathematics",
	title = "Sierpinski Carpet",
	year = "2016",
	url = "https://tasks.illustrativemathematics.org/content-standards/tasks/1523",
	note = "Accessed: 2025-03-26"
}
@misc{ cantor,
	author = "Wikimedia Commons",
	title = "File:Cantor set in seven iterations.svg --- Wikimedia Commons{,} the free media repository",
	year = "2025",
	url = "https://commons.wikimedia.org/w/index.php?title=File:Cantor_set_in_seven_iterations.svg&oldid=979565506",
	note = "[Online; accessed 26-March-2025]"
}
@article{iftekharuddin2003fractal,
	title={Fractal analysis of tumor in brain MR images},
	author={Iftekharuddin, Khan M and Jia, Wei and Marsh, Ronald},
	journal={Machine Vision and Applications},
	volume={13},
	pages={352--362},
	year={2003},
	publisher={Springer}
}
@article{uahabi2015applications,
	title={Applications of fractals in medicine},
	author={Uahabi, Kaoutar Lamrini and Atounti, Mohamed},
	journal={Annals of the University of Craiova-Mathematics and Computer Science Series},
	volume={42},
	number={1},
	pages={167--174},
	year={2015}
}
@misc{ enwiki:1262008950,
	author = "{Wikipedia contributors}",
	title = "Contact geometry --- {Wikipedia}{,} The Free Encyclopedia",
	year = "2024",
	url = "https://en.wikipedia.org/w/index.php?title=Contact_geometry&oldid=1262008950",
	note = "[Online; accessed 31-March-2025]"
}
@article{takayasu2009fractals,
	title={Fractals and economics},
	author={Takayasu, Misako and Takayasu, Hideki},
	journal={Complex systems in finance and econometrics},
	pages={444--463},
	year={2009},
	publisher={Springer New York}
}
@article{LOEHLE1996271,
	title = {Statistical properties of ecological and geologic fractals},
	journal = {Ecological Modelling},
	volume = {85},
	number = {2},
	pages = {271-284},
	year = {1996},
	issn = {0304-3800},
	doi = {https://doi.org/10.1016/0304-3800(94)00177-4},
	url = {https://www.sciencedirect.com/science/article/pii/0304380094001774},
	author = {Craig Loehle and Bai-Lian Li},
	keywords = {Geostatistics, Fractal dimensions, Sampling theory, Spatial patterns}
}
@article{sangavi2019image,
	title={An image encryption algorithm based on fractal geometry},
	author={Sangavi, V and Thangavel, P},
	journal={Procedia Computer Science},
	volume={165},
	pages={462--469},
	year={2019},
	publisher={Elsevier}
}
@article{sala2021fractal,
	title={FRACTAL GEOMETRY IN COMPUTER GRAPHICS AND IN VIRTUAL REALITY.},
	author={Sala, Nicoletta},
	journal={Chaos \& Complexity Letters},
	volume={15},
	year={2021}
}
@book{lorenz2002fractals,
	title={Fractals and fractal architecture},
	author={Lorenz, Wolfgang E},
	year={2002},
	publisher={na}
}